<record><leader>00000cas a22000007a 4500</leader><controlfield tag="001">26242544</controlfield><controlfield tag="008">920723d19071908wyucr ne      0    0eng d</controlfield><controlfield tag="009">14262</controlfield><datafield ind1=" " ind2=" " tag="010"><subfield code="a">sn 92067138 </subfield></datafield><datafield ind1=" " ind2=" " tag="040"><subfield code="a">NVO</subfield><subfield code="b">eng</subfield><subfield code="c">NVO</subfield><subfield code="d">OCLCQ</subfield></datafield><datafield ind1=" " ind2=" " tag="042"><subfield code="a">msc</subfield></datafield><datafield ind1="0" ind2=" " tag="130"><subfield code="a">Semi-weekly enterprise (Sheridan, Wyo.)</subfield></datafield><datafield ind1="0" ind2="4" tag="245"><subfield code="a">The semi-weekly enterprise.</subfield></datafield><datafield ind1="1" ind2="3" tag="246"><subfield code="a">Sheridan enterprise</subfield><subfield code="f">May 1, 1908</subfield></datafield><datafield ind1=" " ind2=" " tag="260"><subfield code="a">Sheridan, Wyo. :</subfield><subfield code="b">F.H. Barrow</subfield></datafield><datafield ind1=" " ind2=" " tag="300"><subfield code="a">v.</subfield></datafield><datafield ind1=" " ind2=" " tag="310"><subfield code="a">Semiweekly</subfield></datafield><datafield ind1="0" ind2=" " tag="362"><subfield code="a">Vol. 21, no. 1 (Mar. 26, 1907)-v. 22, no. 55 (Sept. 18, 1908).</subfield></datafield><datafield ind1=" " ind2=" " tag="580"><subfield code="a">Called: Sheridan enterprise, May 1, 1908.</subfield></datafield><datafield ind1=" " ind2="4" tag="651"><subfield code="a">Sheridan (Wyo.)</subfield><subfield code="v">Newspapers.</subfield></datafield><datafield ind1=" " ind2="4" tag="651"><subfield code="a">Sheridan County (Wyo.)</subfield><subfield code="v">Newspapers.</subfield></datafield><datafield ind1=" " ind2=" " tag="752"><subfield code="a">United States</subfield><subfield code="b">Wyoming</subfield><subfield code="c">Sheridan</subfield><subfield code="d">Sheridan.</subfield></datafield><datafield ind1="0" ind2="0" tag="780"><subfield code="t">Enterprise (Sheridan, Wyo.)</subfield><subfield code="w">(DLC)sn 92067139</subfield></datafield><datafield ind1="0" ind2="0" tag="785"><subfield code="t">Sheridan enterprise (Sheridan, Wyo. : 1908)</subfield><subfield code="w">(DLC)sn 92067137</subfield></datafield></record>